@misc{wiki-inverse-square,
	title="{Inverse Square Law}",
	year="2019",
	month="",
	note="Online; accessed October 13, 2019",
	howpublished="\url{https://en.wikipedia.org/wiki/Inverse-square_law}"
}

@misc{yolo,
	author={Joseph Redmon and Santosh Divvala and Ross Girshick and Ali Farhadi},
	title={You Only Look Once: Unified, Real-Time Object Detection},
	year={2015},
	eprint={arXiv:1506.02640}
}