@misc{sample-reference,
	title="{Sample Article Title}",
	year="2019",
	month="",
	note="Online; accessed September 24, 2019",
	howpublished="\url{https://fake_url.fake}"
}

@misc{petalinux, 
	title={PetaLinux Tools}, 
	howpublished = "\url{https://www.xilinx.com/products/design-tools/embedded-software/petalinux-sdk.html}", 			author={Xilinx}} 