@misc{sample-reference,
	title="{Sample Article Title}",
	year="2019",
	month="",
	note="Online; accessed September 24, 2019",
	howpublished="\url{https://fake_url.fake}"
}
@misc{tp15263,
	title="{Knowledge Requirements for Pilots of Remotely Piloted Aircraft Systems 250 g up to and including 25 kg, Operating within Visual Line-of-Sight (VLOS) (TP 15263)}",
	year="2019",
	month="June 1",
	note="Online; accessed October 25, 2019",
	howpublished="\url{https://www.tc.gc.ca/en/services/aviation/publications/tp-15263.html}"
}
@misc{tcaim,
	title="{Transport Canada Aeronautical Information Manual (TC AIM) - TP 14371}",
	year="2019",
	month="February",
	note="Online; accessed November 15, 2019",
	howpublished="\url{https://www.tc.gc.ca/en/services/aviation/publications/tc-aim.html}"
}
@misc{cars,
	title="{Canadian Aviation Regulations (SOR/96-433)}",
	year="2019",
	month="August 28",
	note="Online; accessed November 15, 2019",
	howpublished="\url{https://laws-lois.justice.gc.ca/eng/regulations/SOR-96-433/index.html}"
}