@misc{sample-reference,
	title="{Sample Article Title}",
	year="2019",
	month="",
	note="Online; accessed September 24, 2019",
	howpublished="\url{https://fake_url.fake}"
}

@misc{ecalc, title={About eCalc - drive calculator}, 
	note="Online; accessed April 8, 2020",
	howpublished="\url{https://www.ecalc.ch/index.htm}"
	}

@misc{ecalcpartner, title={eCalc - the most reliable RC Calculator on the Web}, 
	note="Online; accessed April 8, 2020",
	howpublished="\url{https://www.ecalc.ch/partner.htm}"
	}

