@misc{sample-reference,
	title="{Sample Article Title}",
	year="2019",
	month="",
	note="Online; accessed September 24, 2019",
	howpublished="\url{https://fake_url.fake}"
}

@misc{f1fc,
	title="{F1, F3, F3, What Flight Contoller To Get}",
	year="2019",
	month="",
	note="Online; accessed November 23, 2019",
	howpublished="\url{https://oscarliang.com/f1-f3-f4-flight-controller#what-to-get}"
}
@misc{sunnysky-2216,
	title="{SunnySky X2216 1250 KV Outrunner Brushless Motor for RC Models}",
	year="2019",
	month="",
	note="Online; accessed November 24, 2019",
	howpublished="\url{https://www.banggood.com/SunnySky-X2216-2216-1250KV-Outrunner-Brushless-Motor-For-RC-Models-p-988393.html?cur_warehouse=USA}"
}
@misc{flyskyi6,
	title="{FlySky FS i6 2.4GHz 6CH AFHDS RD Radio Transmitter with FS iA6B Receiver for RC FPV Drone}",
	year="2019",
	month="",
	note="Online; accessed  November 24, 2019",
	howpublished="\url{https://www.banggood.com/FlySky-FS-i6-2_4G-6CH-AFHDS-RC-Radion-Transmitter-With-FS-iA6B-Receiver-for-RC-FPV-Drone-p-983537.html?rmmds=category&ID=42482&cur_warehouse=USA}"
}